@Manual{R-base,
  title = {R: A Language and Environment for Statistical Computing},
  author = {{R Core Team}},
  organization = {R Foundation for Statistical Computing},
  address = {Vienna, Austria},
  year = {2021},
  url = {https://www.R-project.org/},
}

@Manual{R-bookdown,
  title = {bookdown: Authoring Books and Technical Documents with R Markdown},
  author = {Yihui Xie},
  year = {2021},
  note = {R package version 0.22},
  url = {https://CRAN.R-project.org/package=bookdown},
}

@Manual{R-doParallel,
  title = {doParallel: Foreach Parallel Adaptor for the parallel Package},
  author = {Microsoft Corporation and Steve Weston},
  year = {2020},
  note = {R package version 1.0.16},
  url = {https://CRAN.R-project.org/package=doParallel},
}

@Manual{R-foreach,
  title = {foreach: Provides Foreach Looping Construct},
  author = {{Revolution Analytics} and Steve Weston}},
  year = {2020},
  note = {R package version 1.5.1},
  url = {https://github.com/RevolutionAnalytics/foreach},
}

@Manual{R-iterators,
  title = {iterators: Provides Iterator Construct},
  author = {Revolution Analytics and Steve Weston},
  year = {2020},
  note = {R package version 1.0.13},
  url = {https://github.com/RevolutionAnalytics/iterators},
}

@Manual{R-knitr,
  title = {knitr: A General-Purpose Package for Dynamic Report Generation in R},
  author = {Yihui Xie},
  year = {2021},
  note = {R package version 1.33},
  url = {https://yihui.org/knitr/},
}

@Manual{R-lubridate,
  title = {lubridate: Make Dealing with Dates a Little Easier},
  author = {Vitalie Spinu and Garrett Grolemund and Hadley Wickham},
  year = {2021},
  note = {R package version 1.7.10},
  url = {https://CRAN.R-project.org/package=lubridate},
}

@Manual{R-marqLevAlg,
  title = {marqLevAlg: A Parallelized General-Purpose Optimization Based on
Marquardt-Levenberg Algorithm},
  author = {Viviane Philipps and Cecile Proust-Lima and Melanie Prague and Boris Hejblum and Daniel Commenges and Amadou Diakite},
  year = {2021},
  note = {R package version 2.0.5},
  url = {https://CRAN.R-project.org/package=marqLevAlg},
}

@Manual{R-microbenchmark,
  title = {microbenchmark: Accurate Timing Functions},
  author = {Olaf Mersmann},
  year = {2019},
  note = {R package version 1.4-7},
  url = {https://github.com/joshuaulrich/microbenchmark/},
}

@Manual{R-optimr,
  title = {optimr: A Replacement and Extension of the optim Function},
  author = {John C Nash and Ravi Varadhan},
  year = {2019},
  note = {R package version 2019-12.16},
  url = {https://CRAN.R-project.org/package=optimr},
}

@Manual{R-R.methodsS3,
  title = {R.methodsS3: S3 Methods Simplified},
  author = {Henrik Bengtsson},
  year = {2020},
  note = {R package version 1.8.1},
  url = {https://github.com/HenrikBengtsson/R.methodsS3},
}

@Manual{R-R.oo,
  title = {R.oo: R Object-Oriented Programming with or without References},
  author = {Henrik Bengtsson},
  year = {2020},
  note = {R package version 1.24.0},
  url = {https://github.com/HenrikBengtsson/R.oo},
}

@Manual{R-R.utils,
  title = {R.utils: Various Programming Utilities},
  author = {Henrik Bengtsson},
  year = {2020},
  note = {R package version 2.10.1},
  url = {https://github.com/HenrikBengtsson/R.utils},
}

@Manual{R-rmarkdown,
  title = {rmarkdown: Dynamic Documents for R},
  author = {JJ Allaire and Yihui Xie and Jonathan McPherson and Javier Luraschi and Kevin Ushey and Aron Atkins and Hadley Wickham and Joe Cheng and Winston Chang and Richard Iannone},
  year = {2021},
  note = {R package version 2.9},
  url = {https://CRAN.R-project.org/package=rmarkdown},
}

@Manual{R-TMB,
  title = {TMB: Template Model Builder: A General Random Effect Tool Inspired by
ADMB},
  author = {Kasper Kristensen},
  year = {2021},
  note = {R package version 1.7.20},
  url = {https://github.com/kaskr/adcomp/wiki},
}

@Manual{R-xtable,
  title = {xtable: Export Tables to LaTeX or HTML},
  author = {David B. Dahl and David Scott and Charles Roosen and Arni Magnusson and Jonathan Swinton},
  year = {2019},
  note = {R package version 1.8-4},
  url = {http://xtable.r-forge.r-project.org/},
}

@Book{bookdown2016,
  title = {bookdown: Authoring Books and Technical Documents with {R} Markdown},
  author = {Yihui Xie},
  publisher = {Chapman and Hall/CRC},
  address = {Boca Raton, Florida},
  year = {2016},
  note = {ISBN 978-1138700109},
  url = {https://bookdown.org/yihui/bookdown},
}

@Book{knitr2015,
  title = {Dynamic Documents with {R} and knitr},
  author = {Yihui Xie},
  publisher = {Chapman and Hall/CRC},
  address = {Boca Raton, Florida},
  year = {2015},
  edition = {2nd},
  note = {ISBN 978-1498716963},
  url = {https://yihui.org/knitr/},
}

@InCollection{knitr2014,
  booktitle = {Implementing Reproducible Computational Research},
  editor = {Victoria Stodden and Friedrich Leisch and Roger D. Peng},
  title = {knitr: A Comprehensive Tool for Reproducible Research in {R}},
  author = {Yihui Xie},
  publisher = {Chapman and Hall/CRC},
  year = {2014},
  note = {ISBN 978-1466561595},
  url = {http://www.crcpress.com/product/isbn/9781466561595},
}

@Article{lubridate2011,
  title = {Dates and Times Made Easy with {lubridate}},
  author = {Garrett Grolemund and Hadley Wickham},
  journal = {Journal of Statistical Software},
  year = {2011},
  volume = {40},
  number = {3},
  pages = {1--25},
  url = {https://www.jstatsoft.org/v40/i03/},
}

@Manual{optimr2021,
  title = {{optimr}: A Replacement and Extension of the 'optim' Function},
  author = {John C Nash},
  url = {https://CRAN.R-project.org/package=optimr},
}

@InProceedings{R.methodsS32003,
  author = {Henrik Bengtsson},
  title = {The {R.oo} package - Object-Oriented Programming with References Using Standard {R} Code},
  booktitle = {Proceedings of the 3rd International Workshop on Distributed Statistical Computing (DSC 2003)},
  year = {2003},
  editor = {Kurt Hornik and Friedrich Leisch and Achim Zeileis},
  address = {Vienna, Austria},
  month = {March},
  issn = {1609-395X},
  url = {https://www.r-project.org/conferences/DSC-2003/Proceedings/Bengtsson.pdf},
  howpublished = {https://www.r-project.org/conferences/DSC-2003/Proceedings/},
}

@InProceedings{R.oo2003,
  author = {Henrik Bengtsson},
  title = {The {R.oo} package - Object-Oriented Programming with References Using Standard {R} Code},
  booktitle = {Proceedings of the 3rd International Workshop on Distributed Statistical Computing (DSC 2003)},
  year = {2003},
  editor = {Kurt Hornik and Friedrich Leisch and Achim Zeileis},
  address = {Vienna, Austria},
  month = {March},
  issn = {1609-395X},
  url = {https://www.r-project.org/conferences/DSC-2003/Proceedings/Bengtsson.pdf},
  howpublished = {https://www.r-project.org/conferences/DSC-2003/Proceedings/},
}

@Book{rmarkdown2018,
  title = {R Markdown: The Definitive Guide},
  author = {Yihui Xie and J.J. Allaire and Garrett Grolemund},
  publisher = {Chapman and Hall/CRC},
  address = {Boca Raton, Florida},
  year = {2018},
  note = {ISBN 9781138359338},
  url = {https://bookdown.org/yihui/rmarkdown},
}

@Book{rmarkdown2020,
  title = {R Markdown Cookbook},
  author = {Yihui Xie and Christophe Dervieux and Emily Riederer},
  publisher = {Chapman and Hall/CRC},
  address = {Boca Raton, Florida},
  year = {2020},
  note = {ISBN 9780367563837},
  url = {https://bookdown.org/yihui/rmarkdown-cookbook},
}

@Article{TMB2016,
  title = {{TMB}: Automatic Differentiation and {L}aplace Approximation},
  author = {Kasper Kristensen and Anders Nielsen and Casper W. Berg and Hans Skaug and Bradley M. Bell},
  journal = {Journal of Statistical Software},
  year = {2016},
  volume = {70},
  number = {5},
  pages = {1--21},
  doi = {10.18637/jss.v070.i05},
}

@Article{TMB2017,
  title = {Validation of ecological state space models using the {L}aplace approximation},
  author = {Uffe H. Thygesen and Christoffer M. Albertsen and Casper W. Berg and Kasper Kristensen and Anders Nielsen},
  journal = {Environmental and Ecological Statistics},
  year = {2017},
  pages = {1--23},
  doi = {10.1007/s10651-017-0372-4},
}

