@Manual{R-base,
  title = {R: A Language and Environment for Statistical Computing},
  author = {{R Core Team}},
  organization = {R Foundation for Statistical Computing},
  address = {Vienna, Austria},
  year = {2022},
  url = {https://www.R-project.org/},
}

@Manual{R-BB,
  title = {BB: Solving and Optimizing Large-Scale Nonlinear Systems},
  author = {Ravi Varadhan and Paul Gilbert},
  year = {2019},
  note = {R package version 2019.10-1},
  url = {http://www.jhsph.edu/agingandhealth/People/Faculty_personal_pages/Varadhan.html},
}

@Manual{R-beepr,
  title = {beepr: Easily Play Notification Sounds on any Platform},
  author = {Rasmus Bååth},
  year = {2018},
  note = {R package version 1.3},
  url = {https://CRAN.R-project.org/package=beepr},
}

@Manual{R-data.table,
  title = {data.table: Extension of `data.frame`},
  author = {Matt Dowle and Arun Srinivasan},
  year = {2022},
  note = {R package version 1.14.6},
  url = {https://CRAN.R-project.org/package=data.table},
}

@Manual{R-doRNG,
  title = {doRNG: Generic Reproducible Parallel Backend for foreach Loops},
  author = {Renaud Gaujoux},
  year = {2023},
  note = {R package version 1.8.6},
  url = {https://renozao.github.io/doRNG/},
}

@Manual{R-dplyr,
  title = {dplyr: A Grammar of Data Manipulation},
  author = {Hadley Wickham and Romain François and Lionel Henry and Kirill Müller},
  year = {2022},
  note = {R package version 1.0.10},
  url = {https://CRAN.R-project.org/package=dplyr},
}

@Manual{R-flock,
  title = {flock: Process Synchronization Using File Locks},
  author = {Ivan Popivanov},
  year = {2016},
  note = {R package version 0.7},
  url = {https://CRAN.R-project.org/package=flock},
}

@Manual{R-forcats,
  title = {forcats: Tools for Working with Categorical Variables (Factors)},
  author = {Hadley Wickham},
  year = {2022},
  note = {R package version 0.5.2},
  url = {https://CRAN.R-project.org/package=forcats},
}

@Manual{R-foreach,
  title = {foreach: Provides Foreach Looping Construct},
  author = {{Revolution Analytics} and Steve Weston}},
  year = {2022},
  note = {R package version 1.5.2},
  url = {https://github.com/RevolutionAnalytics/foreach},
}

@Manual{R-future,
  title = {future: Unified Parallel and Distributed Processing in R for Everyone},
  author = {Henrik Bengtsson},
  year = {2022},
  note = {R package version 1.30.0},
  url = {https://CRAN.R-project.org/package=future},
}

@Manual{R-ggplot2,
  title = {ggplot2: Create Elegant Data Visualisations Using the Grammar of Graphics},
  author = {Hadley Wickham and Winston Chang and Lionel Henry and Thomas Lin Pedersen and Kohske Takahashi and Claus Wilke and Kara Woo and Hiroaki Yutani and Dewey Dunnington},
  year = {2022},
  note = {R package version 3.4.0},
  url = {https://CRAN.R-project.org/package=ggplot2},
}

@Manual{R-ggpubr,
  title = {ggpubr: ggplot2 Based Publication Ready Plots},
  author = {Alboukadel Kassambara},
  year = {2022},
  note = {R package version 0.5.0},
  url = {https://rpkgs.datanovia.com/ggpubr/},
}

@Manual{R-ggtext,
  title = {ggtext: Improved Text Rendering Support for ggplot2},
  author = {Claus O. Wilke and Brenton M. Wiernik},
  year = {2022},
  note = {R package version 0.1.2},
  url = {https://wilkelab.org/ggtext/},
}

@Manual{R-ggthemes,
  title = {ggthemes: Extra Themes, Scales and Geoms for ggplot2},
  author = {Jeffrey B. Arnold},
  year = {2021},
  note = {R package version 4.2.4},
  url = {https://github.com/jrnold/ggthemes},
}

@Manual{R-httr,
  title = {httr: Tools for Working with URLs and HTTP},
  author = {Hadley Wickham},
  year = {2022},
  note = {R package version 1.4.4},
  url = {https://CRAN.R-project.org/package=httr},
}

@Manual{R-huxtable,
  title = {huxtable: Easily Create and Style Tables for LaTeX, HTML and Other Formats},
  author = {David Hugh-Jones},
  year = {2022},
  note = {R package version 5.5.2},
  url = {https://hughjonesd.github.io/huxtable/},
}

@Manual{R-iterators,
  title = {iterators: Provides Iterator Construct},
  author = {Revolution Analytics and Steve Weston},
  year = {2022},
  note = {R package version 1.0.14},
  url = {https://github.com/RevolutionAnalytics/iterators},
}

@Manual{R-itertools,
  title = {itertools: Iterator Tools},
  author = {Steve Weston and Hadley Wickham},
  year = {2014},
  note = {R package version 0.1-3},
  url = {https://CRAN.R-project.org/package=itertools},
}

@Manual{R-knitr,
  title = {knitr: A General-Purpose Package for Dynamic Report Generation in R},
  author = {Yihui Xie},
  year = {2022},
  note = {R package version 1.41},
  url = {https://yihui.org/knitr/},
}

@Manual{R-lg,
  title = {lg: Locally Gaussian Distributions: Estimation and Methods},
  author = {Håkon Otneim},
  year = {2019},
  note = {R package version 0.4.1},
  url = {https://CRAN.R-project.org/package=lg},
}

@Manual{R-lubridate,
  title = {lubridate: Make Dealing with Dates a Little Easier},
  author = {Vitalie Spinu and Garrett Grolemund and Hadley Wickham},
  year = {2022},
  note = {R package version 1.9.0},
  url = {https://CRAN.R-project.org/package=lubridate},
}

@Manual{R-markovchain,
  title = {markovchain: Easy Handling Discrete Time Markov Chains},
  author = {Giorgio Alfredo Spedicato and Tae {Seung Kang} and Sai {Bhargav Yalamanchi} and Deepak Yadav and Ignacio Cordón},
  year = {2023},
  note = {R package version 0.9.1},
  url = {https://github.com/spedygiorgio/markovchain/},
}

@Manual{R-marqLevAlg,
  title = {marqLevAlg: A Parallelized General-Purpose Optimization Based on
Marquardt-Levenberg Algorithm},
  author = {Viviane Philipps and Cecile Proust-Lima and Melanie Prague and Boris Hejblum and Daniel Commenges and Amadou Diakite},
  year = {2022},
  note = {R package version 2.0.7},
  url = {https://CRAN.R-project.org/package=marqLevAlg},
}

@Manual{R-microbenchmark,
  title = {microbenchmark: Accurate Timing Functions},
  author = {Olaf Mersmann},
  year = {2021},
  note = {R package version 1.4.9},
  url = {https://github.com/joshuaulrich/microbenchmark/},
}

@Manual{R-minqa,
  title = {minqa: Derivative-Free Optimization Algorithms by Quadratic
Approximation},
  author = {Douglas Bates and Katharine M. Mullen and John C. Nash and Ravi Varadhan},
  year = {2022},
  note = {R package version 1.2.5},
  url = {http://optimizer.r-forge.r-project.org},
}

@Manual{R-optimr,
  title = {optimr: A Replacement and Extension of the optim Function},
  author = {John C Nash and Ravi Varadhan},
  year = {2019},
  note = {R package version 2019-12.16},
  url = {https://CRAN.R-project.org/package=optimr},
}

@Manual{R-purrr,
  title = {purrr: Functional Programming Tools},
  author = {Hadley Wickham and Lionel Henry},
  year = {2023},
  note = {R package version 1.0.1},
  url = {https://CRAN.R-project.org/package=purrr},
}

@Manual{R-quantmod,
  title = {quantmod: Quantitative Financial Modelling Framework},
  author = {Jeffrey A. Ryan and Joshua M. Ulrich},
  year = {2022},
  note = {R package version 0.4.20},
  url = {https://CRAN.R-project.org/package=quantmod},
}

@Manual{R-R.methodsS3,
  title = {R.methodsS3: S3 Methods Simplified},
  author = {Henrik Bengtsson},
  year = {2022},
  note = {R package version 1.8.2},
  url = {https://github.com/HenrikBengtsson/R.methodsS3},
}

@Manual{R-R.oo,
  title = {R.oo: R Object-Oriented Programming with or without References},
  author = {Henrik Bengtsson},
  year = {2022},
  note = {R package version 1.25.0},
  url = {https://github.com/HenrikBengtsson/R.oo},
}

@Manual{R-R.utils,
  title = {R.utils: Various Programming Utilities},
  author = {Henrik Bengtsson},
  year = {2022},
  note = {R package version 2.12.2},
  url = {https://CRAN.R-project.org/package=R.utils},
}

@Manual{R-readr,
  title = {readr: Read Rectangular Text Data},
  author = {Hadley Wickham and Jim Hester and Jennifer Bryan},
  year = {2022},
  note = {R package version 2.1.3},
  url = {https://CRAN.R-project.org/package=readr},
}

@Manual{R-rngtools,
  title = {rngtools: Utility Functions for Working with Random Number Generators},
  author = {Renaud Gaujoux},
  year = {2021},
  note = {R package version 1.5.2},
  url = {https://renozao.github.io/rngtools/},
}

@Manual{R-stringr,
  title = {stringr: Simple, Consistent Wrappers for Common String Operations},
  author = {Hadley Wickham},
  year = {2022},
  note = {R package version 1.5.0},
  url = {https://CRAN.R-project.org/package=stringr},
}

@Manual{R-tibble,
  title = {tibble: Simple Data Frames},
  author = {Kirill Müller and Hadley Wickham},
  year = {2022},
  note = {R package version 3.1.8},
  url = {https://CRAN.R-project.org/package=tibble},
}

@Manual{R-tidyr,
  title = {tidyr: Tidy Messy Data},
  author = {Hadley Wickham and Maximilian Girlich},
  year = {2022},
  note = {R package version 1.2.1},
  url = {https://CRAN.R-project.org/package=tidyr},
}

@Manual{R-tidyverse,
  title = {tidyverse: Easily Install and Load the Tidyverse},
  author = {Hadley Wickham},
  year = {2022},
  note = {R package version 1.3.2},
  url = {https://CRAN.R-project.org/package=tidyverse},
}

@Manual{R-timechange,
  title = {timechange: Efficient Manipulation of Date-Times},
  author = {Vitalie Spinu},
  year = {2023},
  note = {R package version 0.2.0},
  url = {https://github.com/vspinu/timechange/},
}

@Manual{R-TMB,
  title = {TMB: Template Model Builder: A General Random Effect Tool Inspired by
ADMB},
  author = {Kasper Kristensen},
  year = {2022},
  note = {R package version 1.9.1},
  url = {https://github.com/kaskr/adcomp/wiki},
}

@Manual{R-TTR,
  title = {TTR: Technical Trading Rules},
  author = {Joshua Ulrich},
  year = {2021},
  note = {R package version 0.24.3},
  url = {https://github.com/joshuaulrich/TTR},
}

@Manual{R-ucminf,
  title = {ucminf: General-Purpose Unconstrained Non-Linear Optimization},
  author = {Hans Bruun Nielsen and Stig Bousgaard Mortensen},
  year = {2022},
  note = {R package version 1.1-4.1},
  url = {https://CRAN.R-project.org/package=ucminf},
}

@Manual{R-xfun,
  title = {xfun: Supporting Functions for Packages Maintained by Yihui Xie},
  author = {Yihui Xie},
  year = {2022},
  note = {R package version 0.36},
  url = {https://github.com/yihui/xfun},
}

@Manual{R-xtable,
  title = {xtable: Export Tables to LaTeX or HTML},
  author = {David B. Dahl and David Scott and Charles Roosen and Arni Magnusson and Jonathan Swinton},
  year = {2019},
  note = {R package version 1.8-4},
  url = {http://xtable.r-forge.r-project.org/},
}

@Manual{R-xts,
  title = {xts: eXtensible Time Series},
  author = {Jeffrey A. Ryan and Joshua M. Ulrich},
  year = {2022},
  note = {R package version 0.12.2},
  url = {https://github.com/joshuaulrich/xts},
}

@Manual{R-zoo,
  title = {zoo: S3 Infrastructure for Regular and Irregular Time Series (Z's
Ordered Observations)},
  author = {Achim Zeileis and Gabor Grothendieck and Jeffrey A. Ryan},
  year = {2022},
  note = {R package version 1.8-11},
  url = {https://zoo.R-Forge.R-project.org/},
}

@Article{BB2009,
  title = {{BB}: An {R} Package for Solving a Large System of Nonlinear Equations and for Optimizing a High-Dimensional Nonlinear Objective Function},
  author = {Ravi Varadhan and Paul Gilbert},
  journal = {Journal of Statistical Software},
  year = {2009},
  volume = {32},
  number = {4},
  pages = {1--26},
  url = {http://www.jstatsoft.org/v32/i04/},
}

@Article{RJ-2021-048,
  author = {Henrik Bengtsson},
  title = {A Unifying Framework for Parallel and Distributed Processing in R using Futures},
  year = {2021},
  journal = {The R Journal},
  doi = {10.32614/RJ-2021-048},
  url = {https://doi.org/10.32614/RJ-2021-048},
  pages = {208--227},
  volume = {13},
  number = {2},
}

@Book{ggplot22016,
  author = {Hadley Wickham},
  title = {ggplot2: Elegant Graphics for Data Analysis},
  publisher = {Springer-Verlag New York},
  year = {2016},
  isbn = {978-3-319-24277-4},
  url = {https://ggplot2.tidyverse.org},
}

@Book{knitr2015,
  title = {Dynamic Documents with {R} and knitr},
  author = {Yihui Xie},
  publisher = {Chapman and Hall/CRC},
  address = {Boca Raton, Florida},
  year = {2015},
  edition = {2nd},
  note = {ISBN 978-1498716963},
  url = {https://yihui.org/knitr/},
}

@InCollection{knitr2014,
  booktitle = {Implementing Reproducible Computational Research},
  editor = {Victoria Stodden and Friedrich Leisch and Roger D. Peng},
  title = {knitr: A Comprehensive Tool for Reproducible Research in {R}},
  author = {Yihui Xie},
  publisher = {Chapman and Hall/CRC},
  year = {2014},
  note = {ISBN 978-1466561595},
  url = {http://www.crcpress.com/product/isbn/9781466561595},
}

@Article{lubridate2011,
  title = {Dates and Times Made Easy with {lubridate}},
  author = {Garrett Grolemund and Hadley Wickham},
  journal = {Journal of Statistical Software},
  year = {2011},
  volume = {40},
  number = {3},
  pages = {1--25},
  url = {https://www.jstatsoft.org/v40/i03/},
}

@Manual{optimr2023,
  title = {{optimr}: A Replacement and Extension of the 'optim' Function},
  author = {John C Nash},
  url = {https://CRAN.R-project.org/package=optimr},
}

@InProceedings{R.methodsS32003,
  author = {Henrik Bengtsson},
  title = {The {R.oo} package - Object-Oriented Programming with References Using Standard {R} Code},
  booktitle = {Proceedings of the 3rd International Workshop on Distributed Statistical Computing (DSC 2003)},
  year = {2003},
  editor = {Kurt Hornik and Friedrich Leisch and Achim Zeileis},
  address = {Vienna, Austria},
  month = {March},
  issn = {1609-395X},
  url = {https://www.r-project.org/conferences/DSC-2003/Proceedings/Bengtsson.pdf},
  howpublished = {https://www.r-project.org/conferences/DSC-2003/Proceedings/},
}

@InProceedings{R.oo2003,
  author = {Henrik Bengtsson},
  title = {The {R.oo} package - Object-Oriented Programming with References Using Standard {R} Code},
  booktitle = {Proceedings of the 3rd International Workshop on Distributed Statistical Computing (DSC 2003)},
  year = {2003},
  editor = {Kurt Hornik and Friedrich Leisch and Achim Zeileis},
  address = {Vienna, Austria},
  month = {March},
  issn = {1609-395X},
  url = {https://www.r-project.org/conferences/DSC-2003/Proceedings/Bengtsson.pdf},
  howpublished = {https://www.r-project.org/conferences/DSC-2003/Proceedings/},
}

@Article{tidyverse2019,
  title = {Welcome to the {tidyverse}},
  author = {Hadley Wickham and Mara Averick and Jennifer Bryan and Winston Chang and Lucy D'Agostino McGowan and Romain François and Garrett Grolemund and Alex Hayes and Lionel Henry and Jim Hester and Max Kuhn and Thomas Lin Pedersen and Evan Miller and Stephan Milton Bache and Kirill Müller and Jeroen Ooms and David Robinson and Dana Paige Seidel and Vitalie Spinu and Kohske Takahashi and Davis Vaughan and Claus Wilke and Kara Woo and Hiroaki Yutani},
  year = {2019},
  journal = {Journal of Open Source Software},
  volume = {4},
  number = {43},
  pages = {1686},
  doi = {10.21105/joss.01686},
}

@Article{TMB2016,
  title = {{TMB}: Automatic Differentiation and {L}aplace Approximation},
  author = {Kasper Kristensen and Anders Nielsen and Casper W. Berg and Hans Skaug and Bradley M. Bell},
  journal = {Journal of Statistical Software},
  year = {2016},
  volume = {70},
  number = {5},
  pages = {1--21},
  doi = {10.18637/jss.v070.i05},
}

@Article{TMB2017,
  title = {Validation of ecological state space models using the {L}aplace approximation},
  author = {Uffe H. Thygesen and Christoffer M. Albertsen and Casper W. Berg and Kasper Kristensen and Anders Nielsen},
  journal = {Environmental and Ecological Statistics},
  year = {2017},
  pages = {1--23},
  doi = {10.1007/s10651-017-0372-4},
}

@Article{zoo2005,
  title = {zoo: S3 Infrastructure for Regular and Irregular Time Series},
  author = {Achim Zeileis and Gabor Grothendieck},
  journal = {Journal of Statistical Software},
  year = {2005},
  volume = {14},
  number = {6},
  pages = {1--27},
  doi = {10.18637/jss.v014.i06},
}

